<?xml version="1.0" encoding="UTF-8"?><collection xmlns="http://www.loc.gov/MARC21/slim"><record><leader>00463nam--2200169-i-4500</leader><controlfield tag="001">000015635</controlfield><controlfield tag="002">20161230</controlfield><controlfield tag="005">20161230201031</controlfield><controlfield tag="008">060222s1000------------r-----000-0-rum-d</controlfield><datafield ind1=" " ind2=" " tag="041"><subfield code="a">rum</subfield></datafield><datafield ind1=" " ind2=" " tag="080"><subfield code="a">621.318.2:537.6</subfield></datafield><datafield ind1="1" ind2=" " tag="100"><subfield code="a">Burzo, Emil</subfield></datafield><datafield ind1="1" ind2="0" tag="245"><subfield code="a">Magneti permanenti</subfield><subfield code="b">Vol. i. prefata de acad.prof. ioan ursu</subfield><subfield code="c">Emil burzo</subfield></datafield><datafield ind1=" " ind2=" " tag="260"><subfield code="a">Bucuresti</subfield><subfield code="b">Editura Academiei Rsr</subfield><subfield code="c">1986</subfield></datafield><datafield ind1=" " ind2=" " tag="300"><subfield code="a">382 P</subfield></datafield><datafield ind1=" " ind2=" " tag="852"><subfield code="a">73219</subfield><subfield code="c">537:538</subfield></datafield><datafield ind1=" " ind2=" " tag="CAT"><subfield code="a">Sys</subfield><subfield code="c">20110627</subfield><subfield code="h">144743</subfield></datafield></record></collection>